%---------------------------------------------------------------------------%
%-                                                                         -%
%-                             Bibliography                                -%
%-                                                                         -%
%---------------------------------------------------------------------------%
@book{wikibook2014latex,
    title={http://en.wikibooks.org/wiki/LaTeX},
    author={Wikibook},
    year={2014},
    publisher={On-line Resources}
}
@book{lamport1986document,
    title={Document Preparation System},
    author={Lamport, Leslie},
    year={1986},
    publisher={Addison-Wesley Reading, MA}
}
@article{chen2005zhulu,
    title={著录文后参考文献的规则及注意事项},
    author={陈浩元},
    key={Chen Hao Yuan},
    journal={编辑学报},
    volume={17},
    number={6},
    pages={413--415},
    year={2005}
}
@book{chu2004tushu,
    title={图书馆数字参考咨询服务研究},
    author={初景利},
    key={Chu Jing Li},
    year={2004},
    address={北京},
    publisher={北京图书馆出版社}
}
@article{stamerjohanns2009mathml,
    title={{MathML}-aware article conversion from {LaTeX}},
    author={Stamerjohanns, Heinrich and Ginev, Deyan and David, Catalin and Misev, Dimitar and Zamdzhiev, Vladimir and Kohlhase, Michael},
    journal={Towards a Digital Mathematics Library},
    volume={16},
    number={2},
    pages={109--120},
    year={2009},
    publisher={Masaryk University Press}
}
@article{betts2005aging,
    title={Aging reduces center-surround antagonism in visual motion processing},
    author={Betts, Lisa R and Taylor, Christopher P},
    journal={Neuron},
    volume={45},
    number={3},
    pages={361--366},
    year={2005},
    publisher={Elsevier}
}

@article{bravo1990comparative,
    title={Comparative study of visual inter and intrahemispheric cortico-cortical connections in five native Chilean rodents},
    author={Bravo, Hermes and Olavarria, Jaime},
    journal={Anatomy and embryology},
    volume={181},
    number={1},
    pages={67--73},
    year={1990},
    publisher={Springer}
}
@book{hls2012jinji,
    author       = {哈里森·沃尔德伦},
    key          = {Haliseng Woerdelun},
    translator   = {谢远涛},
    title        = {经济数学与金融数学},
    address      = {北京},
    publisher    = {中国人民大学出版社},
    year         = {2012},
    pages        = {235--236},
}
@proceedings{niu2013zonghe,
    editor       = {牛志明 and 斯温兰德 and 雷光春},
    key          = {Niu Zhi Ming Siwenlande Lei Guang Chun},
    title        = {综合湿地管理国际研讨会论文集},
    address      = {北京},
    publisher    = {海洋出版社},
    year         = {2013},
}
@incollection{chen1980zhongguo,
    author       = {陈晋镳 and 张惠民 and 朱士兴 and 赵震 and
        王振刚},
    key          = {Chen Jing Ao Zhang Hui Ming Zhu Shi Xing Zhao Zhen Wang Zhen Gang},
    title        = {蓟县震旦亚界研究},
    editor       = {中国地质科学院天津地质矿产研究所},
    booktitle    = {中国震旦亚界},
    address      = {天津},
    publisher    = {天津科学技术出版社},
    year         = {1980},
    pages        = {56--114},
}
@article{yuan2012lana,
    author       = {袁训来 and 陈哲 and 肖书海},
    key          = {Yuan xun lai Chen zhe Xiao shu Hai},
    title        = {蓝田生物群: 一个认识多细胞生物起源和早期演化的新窗口 -- 篇一},
    journal      = {科学通报},
    year         = {2012},
    volume       = {57},
    number       = {34},
    pages        = {3219},
}
@article{yuan2012lanb,
    author       = {袁训来 and 陈哲 and 肖书海},
    key          = {Yuan xun lai Chen zhe Xiao shu Hai},
    title        = {蓝田生物群: 一个认识多细胞生物起源和早期演化的新窗口 -- 篇二},
    journal      = {科学通报},
    year         = {2012},
    volume       = {57},
    number       = {34},
    pages        = {3219},
}
@article{yuan2012lanc,
    author       = {袁训来 and 陈哲 and 肖书海},
    key          = {Yuan xun lai Chen zhe Xiao shu Hai},
    title        = {蓝田生物群: 一个认识多细胞生物起源和早期演化的新窗口 -- 篇三},
    journal      = {科学通报},
    year         = {2012},
    volume       = {57},
    number       = {34},
    pages        = {3219},
}
@article{walls2013drought,
    author       = {Walls, Susan C. and Barichivich, William J. and Brown, Mary
        E.},
    title        = {Drought, deluge and declines: the impact of precipitation
        extremes on amphibians in a changing climate},
    journal      = {Biology},
    year         = {2013},
    volume       = {2},
    number       = {1},
    pages        = {399--418},
    urldate      = {2013-11-04},
    url          = {http://www.mdpi.com/2079-7737/2/1/399},
    doi          = {10.3390/biology2010399},
}
@article{Bohan1928,
    author = { ボハン, デ},
    title = { 過去及び現在に於ける英国と会 },
    journal = { 日本時報 },
    year = { 1928 },
    volume = { 17 },
    pages = { 5-9 },
    edition = { 9 },
    hyphenation = { japanese },
    language = { japanese }
}

@article{Dubrovin1906,
    author = { Дубровин, А. И },
    title = { Открытое письмо Председателя Главного Совета Союза Русского Народа Санкт-Петербургскому Антонию, Первенствующему члену Священного Синода },
    journal = { Вече },
    year = { 1906 },
    volume = {  },
    edition = { 97 },
    month = { 7 дек. 1906 },
    pages = { 1-3 },
    hyphenation = { russian },
    language = { russian }
}
%---------------------------------------------------------------------------%
@article{mur2015orb,
  title={ORB-SLAM: a versatile and accurate monocular SLAM system},
  author={Mur-Artal, Raul and Montiel, Jose Maria Martinez and Tardos, Juan D},
  journal={IEEE transactions on robotics},
  volume={31},
  number={5},
  pages={1147--1163},
  year={2015},
  publisher={IEEE}
}
@article{mur2017orb,
  title={Orb-slam2: An open-source slam system for monocular, stereo, and rgb-d cameras},
  author={Mur-Artal, Raul and Tard{\'o}s, Juan D},
  journal={IEEE Transactions on Robotics},
  volume={33},
  number={5},
  pages={1255--1262},
  year={2017},
  publisher={IEEE}
}
@inproceedings{Rublee2012ORB,
  title={ORB: An efficient alternative to SIFT or SURF},
  author={Rublee, Ethan and Rabaud, Vincent and Konolige, Kurt and Bradski, Gary},
  booktitle={2011 International Conference on Computer Vision},
  year={2012},
}
@article{Davison2007MonoSLAM,
  title={MonoSLAM: real-time single camera SLAM},
  author={Davison, Andrew J and Reid, Ian D and Molton, Nicholas D and Stasse, Olivier},
  journal={IEEE Trans Pattern Anal Mach Intell},
  volume={29},
  number={6},
  pages={1052-1067},
  year={2007},
}
@inproceedings{Klein2007Parallel,
  title={Parallel Tracking and Mapping for Small AR Workspaces},
  author={Klein, Georg and Murray, David},
  booktitle={Mixed and Augmented Reality, 2007. ISMAR 2007. 6th IEEE and ACM International Symposium on},
  year={2007},
}
@inproceedings{Engel2014LSD,
  title={LSD-SLAM: Large-Scale Direct Monocular SLAM},
  author={Engel, Jakob and Schöps, Thomas and Cremers, Daniel},
  booktitle={European Conference on Computer Vision},
  year={2014},
}
@inproceedings{whelan2015elasticfusion,
  title={ElasticFusion: Dense SLAM without a pose graph},
  author={Whelan, Thomas and Leutenegger, Stefan and Salas-Moreno, R and Glocker, Ben and Davison, Andrew},
  year={2015},
  organization={Robotics: Science and Systems}
}
@article{MccormacSemanticFusion,
  title={SemanticFusion: Dense 3D Semantic Mapping with Convolutional Neural Networks},
  author={Mccormac, John and Handa, Ankur and Davison, Andrew and Leutenegger, Stefan},
}
@inproceedings{long2015fully,
  title={Fully convolutional networks for semantic segmentation},
  author={Long, Jonathan and Shelhamer, Evan and Darrell, Trevor},
  booktitle={Proceedings of the IEEE conference on computer vision and pattern recognition},
  pages={3431--3440},
  year={2015}
}
@article{LiSemi,
  title={Semi-Dense 3D Semantic Mapping from Monocular SLAM},
  author={Li, Xuanpeng and Belaroussi, Rachid},
}
@article{Chen2014Semantic,
  title={Semantic Image Segmentation with Deep Convolutional Nets and Fully Connected CRFs},
  author={Chen, Liang Chieh and Papandreou, George and Kokkinos, Iasonas and Murphy, Kevin and Yuille, Alan L.},
  journal={Computer Science},
  number={4},
  pages={357-361},
  year={2014},
}
@inproceedings{qi2018deep,
  title={Deep learning based semantic labelling of 3d point cloud in visual slam},
  author={Qi, Xuxiang and Yang, Shaowu and Yan, Yuejin},
  booktitle={IOP Conference Series: Materials Science and Engineering},
  volume={428},
  number={1},
  pages={012023},
  year={2018},
  organization={IOP Publishing}
}
@article{hoang2019high,
  title={High-quality instance-aware semantic 3D map using RGB-D camera},
  author={Hoang, Dinh-Cuong and Stoyanov, Todor and Lilienthal, Achim J},
  journal={arXiv preprint arXiv:1903.10782},
  year={2019}
}
@inproceedings{zeng2018semantic,
  title={Semantic Mapping with Simultaneous Object Detection and Localization},
  author={Zeng, Zhen and Zhou, Yunwen and Jenkins, Odest Chadwicke and Desingh, Karthik},
  booktitle={2018 IEEE/RSJ International Conference on Intelligent Robots and Systems (IROS)},
  pages={911--918},
  year={2018},
  organization={IEEE}
}
@inproceedings{tateno2017cnn,
  title={Cnn-slam: Real-time dense monocular slam with learned depth prediction},
  author={Tateno, Keisuke and Tombari, Federico and Laina, Iro and Navab, Nassir},
  booktitle={Proceedings of the IEEE Conference on Computer Vision and Pattern Recognition},
  pages={6243--6252},
  year={2017}
}
@inproceedings{runz2018maskfusion,
  title={Maskfusion: Real-time recognition, tracking and reconstruction of multiple moving objects},
  author={Runz, Martin and Buffier, Maud and Agapito, Lourdes},
  booktitle={2018 IEEE International Symposium on Mixed and Augmented Reality (ISMAR)},
  pages={10--20},
  year={2018},
  organization={IEEE}
}
@inproceedings{mccormac2018fusion++,
  title={Fusion++: Volumetric object-level slam},
  author={McCormac, John and Clark, Ronald and Bloesch, Michael and Davison, Andrew and Leutenegger, Stefan},
  booktitle={2018 international conference on 3D vision (3DV)},
  pages={32--41},
  year={2018},
  organization={IEEE}
}
@inproceedings{S2017Meaningful,
  title={Meaningful maps with object-oriented semantic mapping},
  author={Sünderhauf, Niko and Pham, Trung T. and Latif, Yasir and Milford, Michael and Reid, Ian},
  booktitle={2017 IEEE/RSJ International Conference on Intelligent Robots and Systems (IROS)},
  year={2017},
}
@inproceedings{Liu2016SSD,
  title={SSD: Single Shot MultiBox Detector},
  author={Liu, Wei and Anguelov, Dragomir and Erhan, Dumitru and Szegedy, Christian and Berg, Alexander C.},
  booktitle={European Conference on Computer Vision},
  year={2016},
}
@inproceedings{Newcombe2011KinectFusion,
  title={KinectFusion: Real-Time Dense Surface Mapping and Tracking},
  author={Newcombe, Richard A. and Izadi, Shahram and Hilliges, Otmar and Molyneaux, David and Fitzgibbon, Andrew W.},
  booktitle={10th IEEE International Symposium on Mixed and Augmented Reality, ISMAR 2011, Basel, Switzerland, October 26-29, 2011},
  year={2011},
}
@article{HeMask,
  title={Mask R-CNN},
  author={He, Kaiming and Gkioxari Georgia and Dollar Piotr and Girshick Ross},
  journal={IEEE Transactions on Pattern Analysis \& Machine Intelligence},
  pages={1-1},
}
@article{YuDS,
  title={DS-SLAM: A Semantic Visual SLAM towards Dynamic Environments},
  author={Yu, Chao and Liu, Zuxin and Liu, Xinjun and Xie, Fugui and Yang, Yi and Wei, Qi and Fei, Qiao},
}
@article{VijaySegNet,
  title={SegNet: A Deep Convolutional Encoder-Decoder Architecture for Image Segmentation},
  author={Vijay Badrinarayanan and Alex Kendall and Roberto Cipolla},
  journal={IEEE Transactions on Pattern Analysis and Machine Intelligence},
  volume={39},
  number={12},
  pages={2481-2495},
}
@article{BertaDynaSLAM,
  title={DynaSLAM: Tracking, Mapping and Inpainting in Dynamic Scenes},
  author={Berta, Bescos and Facil Jose M. and Civera Javier and Neira Jose},
  journal={IEEE Robotics \& Automation Letters},
  pages={1-1},
}
@inproceedings{rusu20113d,
  title={3d is here: Point cloud library (pcl)},
  author={Rusu, Radu Bogdan and Cousins, Steve},
  booktitle={2011 IEEE international conference on robotics and automation},
  pages={1--4},
  year={2011},
  organization={IEEE}
}
@article{LoweDistinctive,
  title={Distinctive Image Features from Scale-Invariant Keypoints},
  author={Lowe, David G.},
  journal={International Journal of Computer Vision},
  volume={60},
  number={2},
  pages={91-110},
}
@inproceedings{Bay2006SURF,
  title={SURF: Speeded Up Robust Features},
  author={Bay, Herbert and Tuytelaars, Tinne and Gool, Luc J. Van},
  booktitle={Computer Vision - ECCV 2006, 9th European Conference on Computer Vision, Graz, Austria, May 7-13, 2006, Proceedings, Part I},
  year={2006},
}
@article{HartleyIn,
  title={In defense of the eight-point algorithm},
  author={Hartley and R.I.},
  journal={IEEE Pami},
  volume={19},
  number={6},
  pages={0-593},
}
@article{LONGUET1981A,
  title={A Computer Algorithm for Reconstructing A Scene from Two Projections},
  author={LONGUET-HIGGINS,H. C.},
  journal={Nature},
  volume={293},
  number={5828},
  pages={133-135},
  year={1981},
}
@article{quan1999linear,
  title={Linear n-point camera pose determination},
  author={Quan, Long and Lan, Zhongdan},
  journal={IEEE Transactions on pattern analysis and machine intelligence},
  volume={21},
  number={8},
  pages={774--780},
  year={1999},
  publisher={IEEE}
}

@article{GaoComplete,
  title={Complete solution classification for the perspective-three-point problem},
  author={Gao, Xiao Shan and Xiao-Rong Hou and Jianliang Tang and Hang-Fei Cheng},
  journal={IEEE Transactions on Pattern Analysis \& Machine Intelligence},
  volume={25},
  number={8},
  pages={0-943},
}
@article{lepetit2009epnp,
  title={Epnp: An accurate o (n) solution to the pnp problem},
  author={Lepetit, Vincent and Moreno-Noguer, Francesc and Fua, Pascal},
  journal={International journal of computer vision},
  volume={81},
  number={2},
  pages={155},
  year={2009},
  publisher={Springer}
}
@inproceedings{chen2018encoder,
  title={Encoder-decoder with atrous separable convolution for semantic image segmentation},
  author={Chen, Liang-Chieh and Zhu, Yukun and Papandreou, George and Schroff, Florian and Adam, Hartwig},
  booktitle={Proceedings of the European conference on computer vision (ECCV)},
  pages={801--818},
  year={2018}
}
@inproceedings{ronneberger2015u,
  title={U-net: Convolutional networks for biomedical image segmentation},
  author={Ronneberger, Olaf and Fischer, Philipp and Brox, Thomas},
  booktitle={International Conference on Medical image computing and computer-assisted intervention},
  pages={234--241},
  year={2015},
  organization={Springer}
}
@inproceedings{girshick2015fast,
  title={Fast r-cnn},
  author={Girshick, Ross},
  booktitle={Proceedings of the IEEE international conference on computer vision},
  pages={1440--1448},
  year={2015}
}
@inproceedings{ren2015faster,
  title={Faster r-cnn: Towards real-time object detection with region proposal networks},
  author={Ren, Shaoqing and He, Kaiming and Girshick, Ross and Sun, Jian},
  booktitle={Advances in neural information processing systems},
  pages={91--99},
  year={2015}
}
@article{redmon2018yolov3,
  title={Yolov3: An incremental improvement},
  author={Redmon, Joseph and Farhadi, Ali},
  journal={arXiv preprint arXiv:1804.02767},
  year={2018}
}
@inproceedings{he2016deep,
  title={Deep residual learning for image recognition},
  author={He, Kaiming and Zhang, Xiangyu and Ren, Shaoqing and Sun, Jian},
  booktitle={Proceedings of the IEEE conference on computer vision and pattern recognition},
  pages={770--778},
  year={2016}
}
@inproceedings{lin2014microsoft,
  title={Microsoft coco: Common objects in context},
  author={Lin, Tsung-Yi and Maire, Michael and Belongie, Serge and Hays, James and Perona, Pietro and Ramanan, Deva and Doll{\'a}r, Piotr and Zitnick, C Lawrence},
  booktitle={European conference on computer vision},
  pages={740--755},
  year={2014},
  organization={Springer}
}
@book{hartley2003multiple,
  title={Multiple view geometry in computer vision},
  author={Hartley, Richard and Zisserman, Andrew},
  year={2003},
  publisher={Cambridge university press}
}
@article{bouguet2001pyramidal,
  title={Pyramidal implementation of the affine lucas kanade feature tracker description of the algorithm},
  author={Bouguet, Jean-Yves and others},
  journal={Intel Corporation},
  volume={5},
  number={1-10},
  pages={4},
  year={2001}
}
@inproceedings{sturm2012benchmark,
  title={A benchmark for the evaluation of RGB-D SLAM systems},
  author={Sturm, J{\"u}rgen and Engelhard, Nikolas and Endres, Felix and Burgard, Wolfram and Cremers, Daniel},
  booktitle={2012 IEEE/RSJ International Conference on Intelligent Robots and Systems},
  pages={573--580},
  year={2012},
  organization={IEEE}
}
@inproceedings{pathak2016context,
  title={Context encoders: Feature learning by inpainting},
  author={Pathak, Deepak and Krahenbuhl, Philipp and Donahue, Jeff and Darrell, Trevor and Efros, Alexei A},
  booktitle={Proceedings of the IEEE conference on computer vision and pattern recognition},
  pages={2536--2544},
  year={2016}
}